%% This BibTeX bibliography file was created using BibDesk.
%% http://bibdesk.sourceforge.net/

%% Created for Tyler Grimes at 2016-12-12 01:26:40 -0500 


%% Saved with string encoding Unicode (UTF-8) 



@article{lia07,
	Author = {Liang, Faming and Liu, Chuanhai and Carroll, Raymond J},
	Date-Added = {2016-12-12 06:26:32 +0000},
	Date-Modified = {2016-12-12 06:26:39 +0000},
	Journal = {Journal of the American Statistical Association},
	Number = {477},
	Pages = {305--320},
	Publisher = {Taylor \& Francis},
	Title = {Stochastic approximation in Monte Carlo computation},
	Volume = {102},
	Year = {2007}}

@article{kir83,
	Author = {Kirkpatrick, Scott and Gelatt, C Daniel and Vecchi, Mario P},
	Date-Added = {2016-12-05 17:11:09 +0000},
	Date-Modified = {2016-12-06 21:32:05 +0000},
	Journal = {science},
	Number = {4598},
	Pages = {671--680},
	Publisher = {Washington},
	Title = {Optimization by simmulated annealing},
	Volume = {220},
	Year = {1983}}

@article{kar96,
	Author = {Karger, David R and Stein, Clifford},
	Date-Added = {2016-12-05 01:33:36 +0000},
	Date-Modified = {2016-12-05 01:33:50 +0000},
	Journal = {Journal of the ACM (JACM)},
	Number = {4},
	Pages = {601--640},
	Publisher = {ACM},
	Title = {A new approach to the minimum cut problem},
	Volume = {43},
	Year = {1996},
	Bdsk-File-1 = {YnBsaXN0MDDUAQIDBAUGJCVYJHZlcnNpb25YJG9iamVjdHNZJGFyY2hpdmVyVCR0b3ASAAGGoKgHCBMUFRYaIVUkbnVsbNMJCgsMDxJXTlMua2V5c1pOUy5vYmplY3RzViRjbGFzc6INDoACgAOiEBGABIAFgAdccmVsYXRpdmVQYXRoWWFsaWFzRGF0YV8QIi4uLy4uLy4uLy4uL0Rvd25sb2Fkcy9kb3dubG9hZC5wZGbSFwsYGVdOUy5kYXRhTxEBeAAAAAABeAACAAAMTWFjaW50b3NoIEhEAAAAAAAAAAAAAAAAAAAA0QhUVkgrAAAACUYEDGRvd25sb2FkLnBkZgAAAAAAAAAAAAAAAAAAAAAAAAAAAAAAAAAAAAAAAAAAAAAAAAAAAAAAAAAAAAAAAAAAAAFUWOLUajITAAAAAAAAAAAABAACAAAJIAAAAAAAAAAAAAAAAAAAAAlEb3dubG9hZHMAABAACAAA0QiapgAAABEACAAA1Gp4YwAAAAEADAAJRgQACUYBAAKVFQACADNNYWNpbnRvc2ggSEQ6VXNlcnM6AEdyaW1lczoARG93bmxvYWRzOgBkb3dubG9hZC5wZGYAAA4AGgAMAGQAbwB3AG4AbABvAGEAZAAuAHAAZABmAA8AGgAMAE0AYQBjAGkAbgB0AG8AcwBoACAASABEABIAI1VzZXJzL0dyaW1lcy9Eb3dubG9hZHMvZG93bmxvYWQucGRmAAATAAEvAAAVAAIADf//AACABtIbHB0eWiRjbGFzc25hbWVYJGNsYXNzZXNdTlNNdXRhYmxlRGF0YaMdHyBWTlNEYXRhWE5TT2JqZWN00hscIiNcTlNEaWN0aW9uYXJ5oiIgXxAPTlNLZXllZEFyY2hpdmVy0SYnVHJvb3SAAQAIABEAGgAjAC0AMgA3AEAARgBNAFUAYABnAGoAbABuAHEAcwB1AHcAhACOALMAuADAAjwCPgJDAk4CVwJlAmkCcAJ5An4CiwKOAqACowKoAAAAAAAAAgEAAAAAAAAAKAAAAAAAAAAAAAAAAAAAAqo=}}

@misc{gar79,
	Author = {Gary, Michael R and Johnson, David S},
	Date-Added = {2016-12-05 01:27:42 +0000},
	Date-Modified = {2016-12-05 01:27:48 +0000},
	Publisher = {WH Freeman and Company, New York},
	Title = {Computers and Intractability: A Guide to the Theory of NP-completeness},
	Year = {1979}}

@article{lux07,
	Author = {Von Luxburg, Ulrike},
	Date-Added = {2016-12-04 23:14:50 +0000},
	Date-Modified = {2016-12-04 23:15:10 +0000},
	Journal = {Statistics and computing},
	Number = {4},
	Pages = {395--416},
	Publisher = {Springer},
	Title = {A tutorial on spectral clustering},
	Volume = {17},
	Year = {2007},
	Bdsk-File-1 = {YnBsaXN0MDDUAQIDBAUGJCVYJHZlcnNpb25YJG9iamVjdHNZJGFyY2hpdmVyVCR0b3ASAAGGoKgHCBMUFRYaIVUkbnVsbNMJCgsMDxJXTlMua2V5c1pOUy5vYmplY3RzViRjbGFzc6INDoACgAOiEBGABIAFgAdccmVsYXRpdmVQYXRoWWFsaWFzRGF0YV8QLS4uLy4uLy4uL0NBUF82NjE3L1BhcGVycy9MdXhidXJnX1R1dG9yaWFsLnBkZtIXCxgZV05TLmRhdGFPEQG6AAAAAAG6AAIAAAxNYWNpbnRvc2ggSEQAAAAAAAAAAAAAAAAAAADRCFRWSCsAAAEiNH4UTHV4YnVyZ19UdXRvcmlhbC5wZGYAAAAAAAAAAAAAAAAAAAAAAAAAAAAAAAAAAAAAAAAAAAAAAAAAAAAAAAAAAQ9rOdPt62cAAAAAAAAAAAADAAMAAAkgAAAAAAAAAAAAAAAAAAAABlBhcGVycwAQAAgAANEImqYAAAARAAgAANPuI6cAAAABABQBIjR+ARaVvAAJRhIACUYBAAKVFQACAEtNYWNpbnRvc2ggSEQ6VXNlcnM6AEdyaW1lczoARGVza3RvcDoAQ0FQXzY2MTc6AFBhcGVyczoATHV4YnVyZ19UdXRvcmlhbC5wZGYAAA4AKgAUAEwAdQB4AGIAdQByAGcAXwBUAHUAdABvAHIAaQBhAGwALgBwAGQAZgAPABoADABNAGEAYwBpAG4AdABvAHMAaAAgAEgARAASADlVc2Vycy9HcmltZXMvRGVza3RvcC9DQVBfNjYxNy9QYXBlcnMvTHV4YnVyZ19UdXRvcmlhbC5wZGYAABMAAS8AABUAAgAN//8AAIAG0hscHR5aJGNsYXNzbmFtZVgkY2xhc3Nlc11OU011dGFibGVEYXRhox0fIFZOU0RhdGFYTlNPYmplY3TSGxwiI1xOU0RpY3Rpb25hcnmiIiBfEA9OU0tleWVkQXJjaGl2ZXLRJidUcm9vdIABAAgAEQAaACMALQAyADcAQABGAE0AVQBgAGcAagBsAG4AcQBzAHUAdwCEAI4AvgDDAMsCiQKLApACmwKkArICtgK9AsYCywLYAtsC7QLwAvUAAAAAAAACAQAAAAAAAAAoAAAAAAAAAAAAAAAAAAAC9w==}}

@article{ker70,
	Author = {Kernighan, Brian W and Lin, Shen},
	Date-Added = {2016-11-30 23:06:04 +0000},
	Date-Modified = {2016-11-30 23:06:09 +0000},
	Journal = {Bell system technical journal},
	Number = {2},
	Pages = {291--307},
	Publisher = {Wiley Online Library},
	Title = {An efficient heuristic procedure for partitioning graphs},
	Volume = {49},
	Year = {1970},
	Bdsk-File-1 = {YnBsaXN0MDDUAQIDBAUGJCVYJHZlcnNpb25YJG9iamVjdHNZJGFyY2hpdmVyVCR0b3ASAAGGoKgHCBMUFRYaIVUkbnVsbNMJCgsMDxJXTlMua2V5c1pOUy5vYmplY3RzViRjbGFzc6INDoACgAOiEBGABIAFgAdccmVsYXRpdmVQYXRoWWFsaWFzRGF0YV8QHC4uLy4uLy4uLy4uL0Rvd25sb2Fkcy9rbC5wZGbSFwsYGVdOUy5kYXRhTxEBYAAAAAABYAACAAAMTWFjaW50b3NoIEhEAAAAAAAAAAAAAAAAAAAA0QhUVkgrAAAACUYEBmtsLnBkZgAAAAAAAAAAAAAAAAAAAAAAAAAAAAAAAAAAAAAAAAAAAAAAAAAAAAAAAAAAAAAAAAAAAAAAAAAAAAFTKkvUZMV6AAAAAAAAAAAABAACAAAJIAAAAAAAAAAAAAAAAAAAAAlEb3dubG9hZHMAABAACAAA0QiapgAAABEACAAA1GULygAAAAEADAAJRgQACUYBAAKVFQACAC1NYWNpbnRvc2ggSEQ6VXNlcnM6AEdyaW1lczoARG93bmxvYWRzOgBrbC5wZGYAAA4ADgAGAGsAbAAuAHAAZABmAA8AGgAMAE0AYQBjAGkAbgB0AG8AcwBoACAASABEABIAHVVzZXJzL0dyaW1lcy9Eb3dubG9hZHMva2wucGRmAAATAAEvAAAVAAIADf//AACABtIbHB0eWiRjbGFzc25hbWVYJGNsYXNzZXNdTlNNdXRhYmxlRGF0YaMdHyBWTlNEYXRhWE5TT2JqZWN00hscIiNcTlNEaWN0aW9uYXJ5oiIgXxAPTlNLZXllZEFyY2hpdmVy0SYnVHJvb3SAAQAIABEAGgAjAC0AMgA3AEAARgBNAFUAYABnAGoAbABuAHEAcwB1AHcAhACOAK0AsgC6Ah4CIAIlAjACOQJHAksCUgJbAmACbQJwAoIChQKKAAAAAAAAAgEAAAAAAAAAKAAAAAAAAAAAAAAAAAAAAow=}}

@inproceedings{kar95,
	Author = {Karypis, George and Kumar, Vipin},
	Booktitle = {ICPP (3)},
	Date-Added = {2016-11-30 23:02:16 +0000},
	Date-Modified = {2016-11-30 23:02:22 +0000},
	Pages = {113--122},
	Title = {Multilevel graph partitioning schemes},
	Year = {1995},
	Bdsk-File-1 = {YnBsaXN0MDDUAQIDBAUGJCVYJHZlcnNpb25YJG9iamVjdHNZJGFyY2hpdmVyVCR0b3ASAAGGoKgHCBMUFRYaIVUkbnVsbNMJCgsMDxJXTlMua2V5c1pOUy5vYmplY3RzViRjbGFzc6INDoACgAOiEBGABIAFgAdccmVsYXRpdmVQYXRoWWFsaWFzRGF0YV8QHy4uLy4uLy4uLy4uL0Rvd25sb2Fkcy9LSzk1YS5wZGbSFwsYGVdOUy5kYXRhTxEBagAAAAABagACAAAMTWFjaW50b3NoIEhEAAAAAAAAAAAAAAAAAAAA0QhUVkgrAAAACUYECUtLOTVhLnBkZgAAAAAAAAAAAAAAAAAAAAAAAAAAAAAAAAAAAAAAAAAAAAAAAAAAAAAAAAAAAAAAAAAAAAAAAAFTKPnUZMSPAAAAAAAAAAAABAACAAAJIAAAAAAAAAAAAAAAAAAAAAlEb3dubG9hZHMAABAACAAA0QiapgAAABEACAAA1GUK3wAAAAEADAAJRgQACUYBAAKVFQACADBNYWNpbnRvc2ggSEQ6VXNlcnM6AEdyaW1lczoARG93bmxvYWRzOgBLSzk1YS5wZGYADgAUAAkASwBLADkANQBhAC4AcABkAGYADwAaAAwATQBhAGMAaQBuAHQAbwBzAGgAIABIAEQAEgAgVXNlcnMvR3JpbWVzL0Rvd25sb2Fkcy9LSzk1YS5wZGYAEwABLwAAFQACAA3//wAAgAbSGxwdHlokY2xhc3NuYW1lWCRjbGFzc2VzXU5TTXV0YWJsZURhdGGjHR8gVk5TRGF0YVhOU09iamVjdNIbHCIjXE5TRGljdGlvbmFyeaIiIF8QD05TS2V5ZWRBcmNoaXZlctEmJ1Ryb290gAEACAARABoAIwAtADIANwBAAEYATQBVAGAAZwBqAGwAbgBxAHMAdQB3AIQAjgCwALUAvQIrAi0CMgI9AkYCVAJYAl8CaAJtAnoCfQKPApIClwAAAAAAAAIBAAAAAAAAACgAAAAAAAAAAAAAAAAAAAKZ}}

@article{kir84,
	Author = {Kirkpatrick, Scott},
	Date-Added = {2016-11-30 22:49:15 +0000},
	Date-Modified = {2016-11-30 22:49:20 +0000},
	Journal = {Journal of statistical physics},
	Number = {5-6},
	Pages = {975--986},
	Publisher = {Springer},
	Title = {Optimization by simulated annealing: Quantitative studies},
	Volume = {34},
	Year = {1984}}

@article{ver13,
	Author = {Verbelen, Tim and Stevens, Tim and De Turck, Filip and Dhoedt, Bart},
	Date-Added = {2016-11-30 22:31:11 +0000},
	Date-Modified = {2016-11-30 22:31:15 +0000},
	Journal = {Future Generation Computer Systems},
	Number = {2},
	Pages = {451--459},
	Publisher = {Elsevier},
	Title = {Graph partitioning algorithms for optimizing software deployment in mobile cloud computing},
	Volume = {29},
	Year = {2013},
	Bdsk-File-1 = {YnBsaXN0MDDUAQIDBAUGJCVYJHZlcnNpb25YJG9iamVjdHNZJGFyY2hpdmVyVCR0b3ASAAGGoKgHCBMUFRYaIVUkbnVsbNMJCgsMDxJXTlMua2V5c1pOUy5vYmplY3RzViRjbGFzc6INDoACgAOiEBGABIAFgAdccmVsYXRpdmVQYXRoWWFsaWFzRGF0YV8QIC4uLy4uLy4uLy4uL0Rvd25sb2Fkcy81NTIwX2kucGRm0hcLGBlXTlMuZGF0YU8RAXAAAAAAAXAAAgAADE1hY2ludG9zaCBIRAAAAAAAAAAAAAAAAAAAANEIVFZIKwAAAAlGBAo1NTIwX2kucGRmAAAAAAAAAAAAAAAAAAAAAAAAAAAAAAAAAAAAAAAAAAAAAAAAAAAAAAAAAAAAAAAAAAAAAAABUyfh1GTC1QAAAAAAAAAAAAQAAgAACSAAAAAAAAAAAAAAAAAAAAAJRG93bmxvYWRzAAAQAAgAANEImqYAAAARAAgAANRlCSUAAAABAAwACUYEAAlGAQAClRUAAgAxTWFjaW50b3NoIEhEOlVzZXJzOgBHcmltZXM6AERvd25sb2FkczoANTUyMF9pLnBkZgAADgAWAAoANQA1ADIAMABfAGkALgBwAGQAZgAPABoADABNAGEAYwBpAG4AdABvAHMAaAAgAEgARAASACFVc2Vycy9HcmltZXMvRG93bmxvYWRzLzU1MjBfaS5wZGYAABMAAS8AABUAAgAN//8AAIAG0hscHR5aJGNsYXNzbmFtZVgkY2xhc3Nlc11OU011dGFibGVEYXRhox0fIFZOU0RhdGFYTlNPYmplY3TSGxwiI1xOU0RpY3Rpb25hcnmiIiBfEA9OU0tleWVkQXJjaGl2ZXLRJidUcm9vdIABAAgAEQAaACMALQAyADcAQABGAE0AVQBgAGcAagBsAG4AcQBzAHUAdwCEAI4AsQC2AL4CMgI0AjkCRAJNAlsCXwJmAm8CdAKBAoQClgKZAp4AAAAAAAACAQAAAAAAAAAoAAAAAAAAAAAAAAAAAAACoA==}}

@article{sch07,
	Author = {Schaeffer, Satu Elisa},
	Date-Added = {2016-11-30 21:26:28 +0000},
	Date-Modified = {2016-11-30 21:26:32 +0000},
	Journal = {Computer science review},
	Number = {1},
	Pages = {27--64},
	Publisher = {Elsevier},
	Title = {Graph clustering},
	Volume = {1},
	Year = {2007},
	Bdsk-File-1 = {YnBsaXN0MDDUAQIDBAUGJCVYJHZlcnNpb25YJG9iamVjdHNZJGFyY2hpdmVyVCR0b3ASAAGGoKgHCBMUFRYaIVUkbnVsbNMJCgsMDxJXTlMua2V5c1pOUy5vYmplY3RzViRjbGFzc6INDoACgAOiEBGABIAFgAdccmVsYXRpdmVQYXRoWWFsaWFzRGF0YV8QNy4uLy4uLy4uLy4uL0Rvd25sb2Fkcy8xLXMyLjAtUzE1NzQwMTM3MDcwMDAwMjAtbWFpbi5wZGbSFwsYGVdOUy5kYXRhTxEByAAAAAAByAACAAAMTWFjaW50b3NoIEhEAAAAAAAAAAAAAAAAAAAA0QhUVkgrAAAACUYEHzEtczIuMC1TMTU3NDAxMzcwNzAjMTUzMUQ2MS5wZGYAAAAAAAAAAAAAAAAAAAAAAAAAAAAAAAAAAAAAAAAAAAFTHWHUZK4aAAAAAAAAAAAABAACAAAJIAAAAAAAAAAAAAAAAAAAAAlEb3dubG9hZHMAABAACAAA0QiapgAAABEACAAA1GT0agAAAAEADAAJRgQACUYBAAKVFQACAEZNYWNpbnRvc2ggSEQ6VXNlcnM6AEdyaW1lczoARG93bmxvYWRzOgAxLXMyLjAtUzE1NzQwMTM3MDcwIzE1MzFENjEucGRmAA4ARAAhADEALQBzADIALgAwAC0AUwAxADUANwA0ADAAMQAzADcAMAA3ADAAMAAwADAAMgAwAC0AbQBhAGkAbgAuAHAAZABmAA8AGgAMAE0AYQBjAGkAbgB0AG8AcwBoACAASABEABIAOFVzZXJzL0dyaW1lcy9Eb3dubG9hZHMvMS1zMi4wLVMxNTc0MDEzNzA3MDAwMDIwLW1haW4ucGRmABMAAS8AABUAAgAN//8AAIAG0hscHR5aJGNsYXNzbmFtZVgkY2xhc3Nlc11OU011dGFibGVEYXRhox0fIFZOU0RhdGFYTlNPYmplY3TSGxwiI1xOU0RpY3Rpb25hcnmiIiBfEA9OU0tleWVkQXJjaGl2ZXLRJidUcm9vdIABAAgAEQAaACMALQAyADcAQABGAE0AVQBgAGcAagBsAG4AcQBzAHUAdwCEAI4AyADNANUCoQKjAqgCswK8AsoCzgLVAt4C4wLwAvMDBQMIAw0AAAAAAAACAQAAAAAAAAAoAAAAAAAAAAAAAAAAAAADDw==}}

@article{joh89,
	Author = {Johnson, David S and Aragon, Cecilia R and McGeoch, Lyle A and Schevon, Catherine},
	Date-Added = {2016-11-30 21:21:24 +0000},
	Date-Modified = {2016-11-30 21:21:29 +0000},
	Journal = {Operations research},
	Number = {6},
	Pages = {865--892},
	Publisher = {INFORMS},
	Title = {Optimization by simulated annealing: an experimental evaluation; part I, graph partitioning},
	Volume = {37},
	Year = {1989},
	Bdsk-File-1 = {YnBsaXN0MDDUAQIDBAUGJCVYJHZlcnNpb25YJG9iamVjdHNZJGFyY2hpdmVyVCR0b3ASAAGGoKgHCBMUFRYaIVUkbnVsbNMJCgsMDxJXTlMua2V5c1pOUy5vYmplY3RzViRjbGFzc6INDoACgAOiEBGABIAFgAdccmVsYXRpdmVQYXRoWWFsaWFzRGF0YV8QKC4uLy4uLy4uLy4uL0Rvd25sb2Fkcy9hbm5lYWxpbmctcHQxYS5wZGbSFwsYGVdOUy5kYXRhTxEBkAAAAAABkAACAAAMTWFjaW50b3NoIEhEAAAAAAAAAAAAAAAAAAAA0QhUVkgrAAAACUYEEmFubmVhbGluZy1wdDFhLnBkZgAAAAAAAAAAAAAAAAAAAAAAAAAAAAAAAAAAAAAAAAAAAAAAAAAAAAAAAAAAAAFTG+rUZKz3AAAAAAAAAAAABAACAAAJIAAAAAAAAAAAAAAAAAAAAAlEb3dubG9hZHMAABAACAAA0QiapgAAABEACAAA1GTzRwAAAAEADAAJRgQACUYBAAKVFQACADlNYWNpbnRvc2ggSEQ6VXNlcnM6AEdyaW1lczoARG93bmxvYWRzOgBhbm5lYWxpbmctcHQxYS5wZGYAAA4AJgASAGEAbgBuAGUAYQBsAGkAbgBnAC0AcAB0ADEAYQAuAHAAZABmAA8AGgAMAE0AYQBjAGkAbgB0AG8AcwBoACAASABEABIAKVVzZXJzL0dyaW1lcy9Eb3dubG9hZHMvYW5uZWFsaW5nLXB0MWEucGRmAAATAAEvAAAVAAIADf//AACABtIbHB0eWiRjbGFzc25hbWVYJGNsYXNzZXNdTlNNdXRhYmxlRGF0YaMdHyBWTlNEYXRhWE5TT2JqZWN00hscIiNcTlNEaWN0aW9uYXJ5oiIgXxAPTlNLZXllZEFyY2hpdmVy0SYnVHJvb3SAAQAIABEAGgAjAC0AMgA3AEAARgBNAFUAYABnAGoAbABuAHEAcwB1AHcAhACOALkAvgDGAloCXAJhAmwCdQKDAocCjgKXApwCqQKsAr4CwQLGAAAAAAAAAgEAAAAAAAAAKAAAAAAAAAAAAAAAAAAAAsg=}}

@inproceedings{tal91,
	Author = {Talbi, E-G and Bessiere, Pierre},
	Booktitle = {Proceedings of the 5th international conference on Supercomputing},
	Date-Added = {2016-11-30 21:12:51 +0000},
	Date-Modified = {2016-11-30 21:13:00 +0000},
	Organization = {ACM},
	Pages = {312--320},
	Title = {A parallel genetic algorithm for the graph partitioning problem},
	Year = {1991},
	Bdsk-File-1 = {YnBsaXN0MDDUAQIDBAUGJCVYJHZlcnNpb25YJG9iamVjdHNZJGFyY2hpdmVyVCR0b3ASAAGGoKgHCBMUFRYaIVUkbnVsbNMJCgsMDxJXTlMua2V5c1pOUy5vYmplY3RzViRjbGFzc6INDoACgAOiEBGABIAFgAdccmVsYXRpdmVQYXRoWWFsaWFzRGF0YV8QJC4uLy4uLy4uLy4uL0Rvd25sb2Fkcy9wMzEyLXRhbGJpLnBkZtIXCxgZV05TLmRhdGFPEQGAAAAAAAGAAAIAAAxNYWNpbnRvc2ggSEQAAAAAAAAAAAAAAAAAAADRCFRWSCsAAAAJRgQOcDMxMi10YWxiaS5wZGYAAAAAAAAAAAAAAAAAAAAAAAAAAAAAAAAAAAAAAAAAAAAAAAAAAAAAAAAAAAAAAAAAAVMal9RkqxcAAAAAAAAAAAAEAAIAAAkgAAAAAAAAAAAAAAAAAAAACURvd25sb2FkcwAAEAAIAADRCJqmAAAAEQAIAADUZPFnAAAAAQAMAAlGBAAJRgEAApUVAAIANU1hY2ludG9zaCBIRDpVc2VyczoAR3JpbWVzOgBEb3dubG9hZHM6AHAzMTItdGFsYmkucGRmAAAOAB4ADgBwADMAMQAyAC0AdABhAGwAYgBpAC4AcABkAGYADwAaAAwATQBhAGMAaQBuAHQAbwBzAGgAIABIAEQAEgAlVXNlcnMvR3JpbWVzL0Rvd25sb2Fkcy9wMzEyLXRhbGJpLnBkZgAAEwABLwAAFQACAA3//wAAgAbSGxwdHlokY2xhc3NuYW1lWCRjbGFzc2VzXU5TTXV0YWJsZURhdGGjHR8gVk5TRGF0YVhOU09iamVjdNIbHCIjXE5TRGljdGlvbmFyeaIiIF8QD05TS2V5ZWRBcmNoaXZlctEmJ1Ryb290gAEACAARABoAIwAtADIANwBAAEYATQBVAGAAZwBqAGwAbgBxAHMAdQB3AIQAjgC1ALoAwgJGAkgCTQJYAmECbwJzAnoCgwKIApUCmAKqAq0CsgAAAAAAAAIBAAAAAAAAACgAAAAAAAAAAAAAAAAAAAK0}}

@article{ber99,
	Author = {Berry, Jonathan W and Goldberg, Mark K},
	Date-Added = {2016-11-30 21:02:08 +0000},
	Date-Modified = {2016-11-30 21:02:21 +0000},
	Journal = {Discrete Applied Mathematics},
	Number = {1},
	Pages = {27--50},
	Publisher = {Elsevier},
	Title = {Path optimization for graph partitioning problems},
	Volume = {90},
	Year = {1999},
	Bdsk-File-1 = {YnBsaXN0MDDUAQIDBAUGJCVYJHZlcnNpb25YJG9iamVjdHNZJGFyY2hpdmVyVCR0b3ASAAGGoKgHCBMUFRYaIVUkbnVsbNMJCgsMDxJXTlMua2V5c1pOUy5vYmplY3RzViRjbGFzc6INDoACgAOiEBGABIAFgAdccmVsYXRpdmVQYXRoWWFsaWFzRGF0YV8QNy4uLy4uLy4uLy4uL0Rvd25sb2Fkcy8xLXMyLjAtUzAxNjYyMThYOTgwMDA4NDUtbWFpbi5wZGbSFwsYGVdOUy5kYXRhTxEByAAAAAAByAACAAAMTWFjaW50b3NoIEhEAAAAAAAAAAAAAAAAAAAA0QhUVkgrAAAACUYEHzEtczIuMC1TMDE2NjIxOFg5ODAjMTUzMTdEOC5wZGYAAAAAAAAAAAAAAAAAAAAAAAAAAAAAAAAAAAAAAAAAAAFTF9jUZKgQAAAAAAAAAAAABAACAAAJIAAAAAAAAAAAAAAAAAAAAAlEb3dubG9hZHMAABAACAAA0QiapgAAABEACAAA1GTuYAAAAAEADAAJRgQACUYBAAKVFQACAEZNYWNpbnRvc2ggSEQ6VXNlcnM6AEdyaW1lczoARG93bmxvYWRzOgAxLXMyLjAtUzAxNjYyMThYOTgwIzE1MzE3RDgucGRmAA4ARAAhADEALQBzADIALgAwAC0AUwAwADEANgA2ADIAMQA4AFgAOQA4ADAAMAAwADgANAA1AC0AbQBhAGkAbgAuAHAAZABmAA8AGgAMAE0AYQBjAGkAbgB0AG8AcwBoACAASABEABIAOFVzZXJzL0dyaW1lcy9Eb3dubG9hZHMvMS1zMi4wLVMwMTY2MjE4WDk4MDAwODQ1LW1haW4ucGRmABMAAS8AABUAAgAN//8AAIAG0hscHR5aJGNsYXNzbmFtZVgkY2xhc3Nlc11OU011dGFibGVEYXRhox0fIFZOU0RhdGFYTlNPYmplY3TSGxwiI1xOU0RpY3Rpb25hcnmiIiBfEA9OU0tleWVkQXJjaGl2ZXLRJidUcm9vdIABAAgAEQAaACMALQAyADcAQABGAE0AVQBgAGcAagBsAG4AcQBzAHUAdwCEAI4AyADNANUCoQKjAqgCswK8AsoCzgLVAt4C4wLwAvMDBQMIAw0AAAAAAAACAQAAAAAAAAAoAAAAAAAAAAAAAAAAAAADDw==}}

@article{myk15,
	Author = {Myklebust, Tor GJ},
	Date-Added = {2016-11-30 21:01:29 +0000},
	Date-Modified = {2016-11-30 21:01:41 +0000},
	Journal = {arXiv preprint arXiv:1505.03068},
	Title = {Solving maximum cut problems by simulated annealing},
	Year = {2015},
	Bdsk-File-1 = {YnBsaXN0MDDUAQIDBAUGJCVYJHZlcnNpb25YJG9iamVjdHNZJGFyY2hpdmVyVCR0b3ASAAGGoKgHCBMUFRYaIVUkbnVsbNMJCgsMDxJXTlMua2V5c1pOUy5vYmplY3RzViRjbGFzc6INDoACgAOiEBGABIAFgAdccmVsYXRpdmVQYXRoWWFsaWFzRGF0YV8QJC4uLy4uLy4uLy4uL0Rvd25sb2Fkcy8xNTA1LjAzMDY4LnBkZtIXCxgZV05TLmRhdGFPEQGAAAAAAAGAAAIAAAxNYWNpbnRvc2ggSEQAAAAAAAAAAAAAAAAAAADRCFRWSCsAAAAJRgQOMTUwNS4wMzA2OC5wZGYAAAAAAAAAAAAAAAAAAAAAAAAAAAAAAAAAAAAAAAAAAAAAAAAAAAAAAAAAAAAAAAAAAVMXwtRkqAwAAAAAAAAAAAAEAAIAAAkgAAAAAAAAAAAAAAAAAAAACURvd25sb2FkcwAAEAAIAADRCJqmAAAAEQAIAADUZO5cAAAAAQAMAAlGBAAJRgEAApUVAAIANU1hY2ludG9zaCBIRDpVc2VyczoAR3JpbWVzOgBEb3dubG9hZHM6ADE1MDUuMDMwNjgucGRmAAAOAB4ADgAxADUAMAA1AC4AMAAzADAANgA4AC4AcABkAGYADwAaAAwATQBhAGMAaQBuAHQAbwBzAGgAIABIAEQAEgAlVXNlcnMvR3JpbWVzL0Rvd25sb2Fkcy8xNTA1LjAzMDY4LnBkZgAAEwABLwAAFQACAA3//wAAgAbSGxwdHlokY2xhc3NuYW1lWCRjbGFzc2VzXU5TTXV0YWJsZURhdGGjHR8gVk5TRGF0YVhOU09iamVjdNIbHCIjXE5TRGljdGlvbmFyeaIiIF8QD05TS2V5ZWRBcmNoaXZlctEmJ1Ryb290gAEACAARABoAIwAtADIANwBAAEYATQBVAGAAZwBqAGwAbgBxAHMAdQB3AIQAjgC1ALoAwgJGAkgCTQJYAmECbwJzAnoCgwKIApUCmAKqAq0CsgAAAAAAAAIBAAAAAAAAACgAAAAAAAAAAAAAAAAAAAK0}}

@article{yu11,
	Abstract = {The resampling-based test, which often relies on permutation or bootstrap procedures, has been widely used for statistical hypothesis testing when the asymptotic distribution of the test statistic is unavailable or unreliable. It requires repeated calculations of the test statistic on a large number of simulated data sets for its significance level assessment, and thus it could become very computationally intensive. Here, we propose an efficient p-value evaluation procedure by adapting the stochastic approximation Markov chain Monte Carlo algorithm. The new procedure can be used easily for estimating the p-value for any resampling-based test. We show through numeric simulations that the proposed procedure can be 100--500 000 times as efficient (in term of computing time) as the standard resampling-based procedure when evaluating a test statistic with a small p-value (e.g. less than 10 − 6). With its computational burden reduced by this proposed procedure, the versatile resampling-based test would become computationally feasible for a much wider range of applications. We demonstrate the application of the new method by applying it to a large-scale genetic association study of prostate cancer.},
	Author = {Yu, Kai and Liang, Faming and Ciampa, Julia and Chatterjee, Nilanjan},
	Date-Added = {2016-11-03 05:21:43 +0000},
	Date-Modified = {2016-11-03 05:29:50 +0000},
	Doi = {10.1093/biostatistics/kxq078},
	Eprint = {http://biostatistics.oxfordjournals.org/content/early/2011/01/05/biostatistics.kxq078.full.pdf+html},
	Journal = {Biostatistics},
	Number = {3},
	Pages = {582-593},
	Title = {Efficient p-value evaluation for resampling-based tests},
	Url = {http://biostatistics.oxfordjournals.org/content/early/2011/01/05/biostatistics.kxq078.abstract},
	Volume = {12},
	Year = {2011},
	Bdsk-File-1 = {YnBsaXN0MDDUAQIDBAUGJCVYJHZlcnNpb25YJG9iamVjdHNZJGFyY2hpdmVyVCR0b3ASAAGGoKgHCBMUFRYaIVUkbnVsbNMJCgsMDxJXTlMua2V5c1pOUy5vYmplY3RzViRjbGFzc6INDoACgAOiEBGABIAFgAdccmVsYXRpdmVQYXRoWWFsaWFzRGF0YV8QSS4uLy4uLy4uLy4uL0Ryb3Bib3gvUGFwZXJzL1BIQyA2MDY4IC0gQ29tcHV0aW5nL1Byb2plY3QvMjAxMSBZdSBldCBhbC5wZGbSFwsYGVdOUy5kYXRhTxEB3AAAAAAB3AACAAAMTWFjaW50b3NoIEhEAAAAAAAAAAAAAAAAAAAA0QhUVkgrAAABRIiPETIwMTEgWXUgZXQgYWwucGRmAAAAAAAAAAAAAAAAAAAAAAAAAAAAAAAAAAAAAAAAAAAAAAAAAAAAAAAAAAAAAAFEjCnUQD1yAAAAAAAAAAAABAAFAAAJIAAAAAAAAAAAAAAAAAAAAAdQcm9qZWN0AAAQAAgAANEImqYAAAARAAgAANRAdbIAAAABABgBRIiPAUSIUQAJgAsACX9HAAlGAQAClRUAAgBdTWFjaW50b3NoIEhEOlVzZXJzOgBHcmltZXM6AERyb3Bib3g6AFBhcGVyczoAUEhDIDYwNjggLSBDb21wdXRpbmc6AFByb2plY3Q6ADIwMTEgWXUgZXQgYWwucGRmAAAOACQAEQAyADAAMQAxACAAWQB1ACAAZQB0ACAAYQBsAC4AcABkAGYADwAaAAwATQBhAGMAaQBuAHQAbwBzAGgAIABIAEQAEgBKVXNlcnMvR3JpbWVzL0Ryb3Bib3gvUGFwZXJzL1BIQyA2MDY4IC0gQ29tcHV0aW5nL1Byb2plY3QvMjAxMSBZdSBldCBhbC5wZGYAEwABLwAAFQACAA3//wAAgAbSGxwdHlokY2xhc3NuYW1lWCRjbGFzc2VzXU5TTXV0YWJsZURhdGGjHR8gVk5TRGF0YVhOU09iamVjdNIbHCIjXE5TRGljdGlvbmFyeaIiIF8QD05TS2V5ZWRBcmNoaXZlctEmJ1Ryb290gAEACAARABoAIwAtADIANwBAAEYATQBVAGAAZwBqAGwAbgBxAHMAdQB3AIQAjgDaAN8A5wLHAskCzgLZAuIC8AL0AvsDBAMJAxYDGQMrAy4DMwAAAAAAAAIBAAAAAAAAACgAAAAAAAAAAAAAAAAAAAM1},
	Bdsk-Url-1 = {http://biostatistics.oxfordjournals.org/content/early/2011/01/05/biostatistics.kxq078.abstract},
	Bdsk-Url-2 = {http://dx.doi.org/10.1093/biostatistics/kxq078}}

@article{lia14,
	Abstract = { Simulated annealing has been widely used in the solution of optimization problems. As known by many researchers, the global optima cannot be guaranteed to be located by simulated annealing unless a logarithmic cooling schedule is used. However, the logarithmic cooling schedule is so slow that no one can afford to use this much CPU time. This article proposes a new stochastic optimization algorithm, the so-called simulated stochastic approximation annealing algorithm, which is a combination of simulated annealing and the stochastic approximation Monte Carlo algorithm. Under the framework of stochastic approximation, it is shown that the new algorithm can work with a cooling schedule in which the temperature can decrease much faster than in the logarithmic cooling schedule, for example, a square-root cooling schedule, while guaranteeing the global optima to be reached when the temperature tends to zero. The new algorithm has been tested on a few benchmark optimization problems, including feed-forward neural network training and protein-folding. The numerical results indicate that the new algorithm can significantly outperform simulated annealing and other competitors. Supplementary materials for this article are available online. },
	Author = {Faming Liang and Yichen Cheng and Guang Lin},
	Date-Added = {2016-11-03 05:18:05 +0000},
	Date-Modified = {2016-11-03 05:24:37 +0000},
	Doi = {10.1080/01621459.2013.872993},
	Eprint = {http://dx.doi.org/10.1080/01621459.2013.872993},
	Journal = {Journal of the American Statistical Association},
	Number = {506},
	Pages = {847-863},
	Title = {Simulated Stochastic Approximation Annealing for Global Optimization With a Square-Root Cooling Schedule},
	Url = {http://dx.doi.org/10.1080/01621459.2013.872993},
	Volume = {109},
	Year = {2014},
	Bdsk-File-1 = {YnBsaXN0MDDUAQIDBAUGJCVYJHZlcnNpb25YJG9iamVjdHNZJGFyY2hpdmVyVCR0b3ASAAGGoKgHCBMUFRYaIVUkbnVsbNMJCgsMDxJXTlMua2V5c1pOUy5vYmplY3RzViRjbGFzc6INDoACgAOiEBGABIAFgAdccmVsYXRpdmVQYXRoWWFsaWFzRGF0YV8QhC4uLy4uLy4uLy4uL0Rvd25sb2Fkcy9TaW11bGF0ZWQgU3RvY2hhc3RpYyBBcHByb3hpbWF0aW9uIEFubmVhbGluZyBmb3IgR2xvYmFsIE9wdGltaXphdGlvbiBXaXRoIGEgU3F1YXJlIFJvb3QgQ29vbGluZyBTY2hlZHVsZS0yLnBkZtIXCxgZV05TLmRhdGFPEQKwAAAAAAKwAAIAAAxNYWNpbnRvc2ggSEQAAAAAAAAAAAAAAAAAAADRCFRWSCsAAAAJRgQfU2ltdWxhdGVkIFN0b2NoYXN0aSMxNTQ5RDZELnBkZgAAAAAAAAAAAAAAAAAAAAAAAAAAAAAAAAAAAAAAAAAAAVSdbdRrFfMAAAAAAAAAAAAEAAIAAAkgAAAAAAAAAAAAAAAAAAAACURvd25sb2FkcwAAEAAIAADRCJqmAAAAEQAIAADUa1xDAAAAAQAMAAlGBAAJRgEAApUVAAIARk1hY2ludG9zaCBIRDpVc2VyczoAR3JpbWVzOgBEb3dubG9hZHM6AFNpbXVsYXRlZCBTdG9jaGFzdGkjMTU0OUQ2RC5wZGYADgDeAG4AUwBpAG0AdQBsAGEAdABlAGQAIABTAHQAbwBjAGgAYQBzAHQAaQBjACAAQQBwAHAAcgBvAHgAaQBtAGEAdABpAG8AbgAgAEEAbgBuAGUAYQBsAGkAbgBnACAAZgBvAHIAIABHAGwAbwBiAGEAbAAgAE8AcAB0AGkAbQBpAHoAYQB0AGkAbwBuACAAVwBpAHQAaAAgAGEAIABTAHEAdQBhAHIAZQAgAFIAbwBvAHQAIABDAG8AbwBsAGkAbgBnACAAUwBjAGgAZQBkAHUAbABlAC0AMgAuAHAAZABmAA8AGgAMAE0AYQBjAGkAbgB0AG8AcwBoACAASABEABIAhVVzZXJzL0dyaW1lcy9Eb3dubG9hZHMvU2ltdWxhdGVkIFN0b2NoYXN0aWMgQXBwcm94aW1hdGlvbiBBbm5lYWxpbmcgZm9yIEdsb2JhbCBPcHRpbWl6YXRpb24gV2l0aCBhIFNxdWFyZSBSb290IENvb2xpbmcgU2NoZWR1bGUtMi5wZGYAABMAAS8AABUAAgAN//8AAIAG0hscHR5aJGNsYXNzbmFtZVgkY2xhc3Nlc11OU011dGFibGVEYXRhox0fIFZOU0RhdGFYTlNPYmplY3TSGxwiI1xOU0RpY3Rpb25hcnmiIiBfEA9OU0tleWVkQXJjaGl2ZXLRJidUcm9vdIABAAgAEQAaACMALQAyADcAQABGAE0AVQBgAGcAagBsAG4AcQBzAHUAdwCEAI4BFQEaASID1gPYA90D6APxA/8EAwQKBBMEGAQlBCgEOgQ9BEIAAAAAAAACAQAAAAAAAAAoAAAAAAAAAAAAAAAAAAAERA==},
	Bdsk-Url-1 = {http://dx.doi.org/10.1080/01621459.2013.872993}}

@article{lia13,
	Abstract = { This article presents a new prior setting for high-dimensional generalized linear models, which leads to a Bayesian subset regression (BSR) with the maximum a posteriori model approximately equivalent to the minimum extended Bayesian information criterion model. The consistency of the resulting posterior is established under mild conditions. Further, a variable screening procedure is proposed based on the marginal inclusion probability, which shares the same properties of sure screening and consistency with the existing sure independence screening (SIS) and iterative sure independence screening (ISIS) procedures. However, since the proposed procedure makes use of joint information from all predictors, it generally outperforms SIS and ISIS in real applications. This article also makes extensive comparisons of BSR with the popular penalized likelihood methods, including Lasso, elastic net, SIS, and ISIS. The numerical results indicate that BSR can generally outperform the penalized likelihood methods. The models selected by BSR tend to be sparser and, more importantly, of higher prediction ability. In addition, the performance of the penalized likelihood methods tends to deteriorate as the number of predictors increases, while this is not significant for BSR. Supplementary materials for this article are available online.},
	Author = {Faming Liang and Qifan Song and Kai Yu},
	Date-Modified = {2016-11-03 05:24:31 +0000},
	Doi = {10.1080/01621459.2012.761942},
	Eprint = {http://dx.doi.org/10.1080/01621459.2012.761942},
	Journal = {Journal of the American Statistical Association},
	Number = {502},
	Pages = {589-606},
	Title = {Bayesian Subset Modeling for High-Dimensional Generalized Linear Models},
	Url = {http://dx.doi.org/10.1080/01621459.2012.761942},
	Volume = {108},
	Year = {2013},
	Bdsk-Url-1 = {http://dx.doi.org/10.1080/01621459.2012.761942}}

@article{gel90,
	Author = {Alan E. Gelfand and Susan E. Hills and Amy Racine-Poon and Adrian F. M. Smith},
	Date-Added = {2016-11-03 05:00:39 +0000},
	Date-Modified = {2016-11-03 17:13:12 +0000},
	Journal = {Journal of the American Statistical Association},
	Number = {412},
	Pages = {972-985},
	Title = {Illustration of Bayesian Inference in Normal Data Models Using Gibbs Sampling},
	Volume = {85},
	Year = {1990},
	Bdsk-File-1 = {YnBsaXN0MDDUAQIDBAUGJCVYJHZlcnNpb25YJG9iamVjdHNZJGFyY2hpdmVyVCR0b3ASAAGGoKgHCBMUFRYaIVUkbnVsbNMJCgsMDxJXTlMua2V5c1pOUy5vYmplY3RzViRjbGFzc6INDoACgAOiEBGABIAFgAdccmVsYXRpdmVQYXRoWWFsaWFzRGF0YV8QLS4uLy4uLy4uLy4uLy5UcmFzaC8xOTkwIEdlbGZhbmQgYW5kIFNtaXRoLnBkZtIXCxgZV05TLmRhdGFPEQGkAAAAAAGkAAIAAAxNYWNpbnRvc2ggSEQAAAAAAAAAAAAAAAAAAADRCFRWSCsAAAC0y18aMTk5MCBHZWxmYW5kIGFuZCBTbWl0aC5wZGYAAAAAAAAAAAAAAAAAAAAAAAAAAAAAAAAAAAAAAAAAAAAAAAAAAUSIJtRAOPQAAAAAAAAAAAAEAAIAAAkgAAAAAAAAAAAAAAAAAAAABi5UcmFzaAAQAAgAANEImqYAAAARAAgAANRAcTQAAAABAAwAtMtfAAlGAQAClRUAAgA+TWFjaW50b3NoIEhEOlVzZXJzOgBHcmltZXM6AC5UcmFzaDoAMTk5MCBHZWxmYW5kIGFuZCBTbWl0aC5wZGYADgA2ABoAMQA5ADkAMAAgAEcAZQBsAGYAYQBuAGQAIABhAG4AZAAgAFMAbQBpAHQAaAAuAHAAZABmAA8AGgAMAE0AYQBjAGkAbgB0AG8AcwBoACAASABEABIALlVzZXJzL0dyaW1lcy8uVHJhc2gvMTk5MCBHZWxmYW5kIGFuZCBTbWl0aC5wZGYAEwABLwAAFQACAA3//wAAgAbSGxwdHlokY2xhc3NuYW1lWCRjbGFzc2VzXU5TTXV0YWJsZURhdGGjHR8gVk5TRGF0YVhOU09iamVjdNIbHCIjXE5TRGljdGlvbmFyeaIiIF8QD05TS2V5ZWRBcmNoaXZlctEmJ1Ryb290gAEACAARABoAIwAtADIANwBAAEYATQBVAGAAZwBqAGwAbgBxAHMAdQB3AIQAjgC+AMMAywJzAnUCegKFAo4CnAKgAqcCsAK1AsICxQLXAtoC3wAAAAAAAAIBAAAAAAAAACgAAAAAAAAAAAAAAAAAAALh}}
